<?xml version="1.0" encoding="UTF-8"?><collection xmlns="http://www.loc.gov/MARC21/slim"><record><leader>00365nam--2200133-i-4500</leader><controlfield tag="001">000007613</controlfield><controlfield tag="002">20161230</controlfield><controlfield tag="005">20161230201027</controlfield><controlfield tag="008">060222s1000------------r-----000-0-eng-d</controlfield><datafield ind1=" " ind2=" " tag="020"><subfield code="a">ANNALES ACADEMIAE SCIENTIARUM FENNICAE SERIES A-VI PHYSICA</subfield></datafield><datafield ind1=" " ind2=" " tag="100"><subfield code="a">Aaltonen, J</subfield></datafield><datafield ind1=" " ind2=" " tag="245"><subfield code="a">Graffe, g</subfield></datafield><datafield ind1=" " ind2=" " tag="260"><subfield code="a">Valli, K</subfield></datafield><datafield ind1=" " ind2=" " tag="490"><subfield code="a">Helsinki, Suomalainen Tiedakademia, 1964 10 P</subfield></datafield></record></collection>